@misc{console-output-to-textarea,
  title={How to set output stream to TextArea},
  author={MadProgrammer},
  url={https://stackoverflow.com/questions/12945537/how-to-set-output-stream-to-textarea/12945678#12945678}
}
